@book{BainEngelhardt1992,
    title     = {Introduction to Probability and Mathematical Statistics, 2nd Edition},
    author    = {Bain, Lee J. and Engelhardt, Max},
    year      = {1992},
    publisher = {Duxbury Thomson Learning},
}